@book{einstein1979general,
  title={General Relativity; an Einstein Centenary Survey},
  author={Einstein, Albert},
  year={1979},
  publisher={CUP Archive}
}